@article{o2015introduction,
  title={An introduction to convolutional neural networks},
  author={O'Shea, K},
  journal={arXiv preprint arXiv:1511.08458},
  year={2015}
}

@book{bishop2006pattern,
  title={Pattern recognition and machine learning},
  author={Bishop, Christopher M and Nasrabadi, Nasser M},
  volume={4},
  number={4},
  year={2006},
  publisher={Springer}
}

@article{redmon2016you,
  title={You Only Look Once: Unified, Real-Time Object Detection},
  author={Redmon, Joseph and Divvala, Santosh and Girshick, Ross and Farhadi, Ali},
  journal={Proceedings of the IEEE conference on computer vision and pattern recognition (CVPR)},
  year={2016},
  pages={779--788}
}

@article{wang2020cspnet,
  title={CSPNet: A New Backbone that Can Enhance Learning Capability of CNN},
  author={Wang, Chien-Yao and Liao, Hong-Yuan Mark and Wu, Yueh-Hua and Chen, Ping-Yang and Hsieh, Jhih-Wei and Yeh, I-Hau},
  journal={arXiv preprint arXiv:1911.11929},
  year={2020}
}

@article{liu2018panet,
  title={Path aggregation network for instance segmentation},
  author={Liu, Shu and Qi, Lu and Qin, Haifang and Shi, Jianping and Jia, Jiaya},
  journal={Proceedings of the IEEE conference on computer vision and pattern recognition (CVPR)},
  year={2018},
  pages={8759--8768}
}

@inproceedings{lin2017fpn,
  title={Feature pyramid networks for object detection},
  author={Lin, Tsung-Yi and Doll{\'a}r, Piotr and Girshick, Ross and He, Kaiming and Hariharan, Bharath and Belongie, Serge},
  booktitle={Proceedings of the IEEE conference on computer vision and pattern recognition (CVPR)},
  pages={2117--2125},
  year={2017}
}

@article{redmon2018yolov3,
  title={YOLOv3: An incremental improvement},
  author={Redmon, Joseph and Farhadi, Ali},
  journal={arXiv preprint arXiv:1804.02767},
  year={2018}
}

@article{zheng2020distanceiou,
  title={Distance-IoU Loss: Faster and better learning for bounding box regression},
  author={Zheng, Zhaohui and Wang, Ping and Liu, Wei and Li, Jinze and Ye, Rongguang and Ren, Dongwei},
  journal={Proceedings of the AAAI Conference on Artificial Intelligence},
  volume={34},
  number={07},
  pages={12993--13000},
  year={2020}
}

@article{loshchilov2017sgdr,
  title={SGDR: Stochastic gradient descent with warm restarts},
  author={Loshchilov, Ilya and Hutter, Frank},
  journal={arXiv preprint arXiv:1608.03983},
  year={2017}
}

@article{hosang2017learningnms,
  title={Learning non-maximum suppression},
  author={Hosang, Jan and Benenson, Rodrigo and Schiele, Bernt},
  journal={Proceedings of the IEEE Conference on Computer Vision and Pattern Recognition (CVPR)},
  pages={4507--4515},
  year={2017}
}
@misc{bochkovskiy2020yolov4,
  title={YOLOv4: Optimal Speed and Accuracy of Object Detection},
  author={Bochkovskiy, Alexey and Wang, Chien-Yao and Liao, Hong-Yuan Mark},
  year={2020},
  eprint={2004.10934},
  archivePrefix={arXiv},
  primaryClass={cs.CV}
}
@misc{glenn2020yolov5, 
author = {Jocher, Glenn}, title = {YOLOv5 by Ultralytics}, year = {2020}, howpublished = {\url{https://github.com/ultralytics/yolov5}} }

@article{dumoulin2016guide,
  title={A guide to convolution arithmetic for deep learning},
  author={Dumoulin, Vincent and Visin, Francesco},
  journal={arXiv preprint arXiv:1603.07285},
  year={2016},
  url={https://arxiv.org/abs/1603.07285}
}
@article{oshea2015introduction,
  title={An Introduction to Convolutional Neural Networks},
  author={O'Shea, Keiron and Nash, Ryan},
  journal={arXiv preprint arXiv:1511.08458},
  year={2015},
  doi={10.48550/arXiv.1511.08458}
}
@misc{caltechpedestrian,
  title        = {Caltech Pedestrian Dataset},
  author       = {{P. Doll{\'a}r}, {C. Wojek}, {B. Schiele}, and {P. Perona}},
  year         = {2009},
  howpublished = {\url{https://data.caltech.edu/records/f6rph-90m20}},
  note         = {Accessed: 2025-05-28},
  doi          = {10.22002/D1.1310}
}
@article{li2021survey,
  title={A Survey of Convolutional Neural Networks: Analysis, Applications, and Prospects},
  author={Li, Zewen and Liu, Fan and Yang, Wenjie and Peng, Shouheng and Zhou, Jun},
  journal={IEEE Transactions on Neural Networks and Learning Systems},
  volume={33},
  number={12},
  pages={6999--7019},
  year={2021},
  doi={10.1109/TNNLS.2021.3084827}
}
@article{martinez2018autonomous,
  title={Autonomous vehicles: theoretical and practical challenges},
  author={Martínez-Díaz, Margarita and Soriguera, Francesc},
  journal={Transportation Research Procedia},
  volume={33},
  pages={275--282},
  year={2018},
  publisher={Elsevier},
  doi={10.1016/j.trpro.2018.10.103}
}
@article{hasan2022pedestrian,
  title={Pedestrian Detection: Domain Generalization, CNNs, Transformers and Beyond},
  author={Hasan, Irtiza and Liao, Shengcai and Li, Jinpeng and Akram, Saad Ullah and Shao, Ling},
  journal={arXiv preprint arXiv:2201.03176},
  year={2022},
  url={https://arxiv.org/abs/2201.03176}
}

